<record xmlns="http://www.loc.gov/MARC21/slim" xmlns:xsi="http://www.w3.org/2001/XMLSchema-instance" xsi:schemaLocation="http://www.loc.gov/MARC21/slim http://www.loc.gov/standards/marcxml/schema/MARC21slim.xsd">

  <leader>00747nam a22001937a 4500</leader>
  <datafield tag="999" ind1=" " ind2=" ">
    <subfield code="c">2752</subfield>
    <subfield code="d">2752</subfield>
  </datafield>
  <controlfield tag="008">150803b2013    CR ||||| |||| 00| | spa d</controlfield>
  <datafield tag="020" ind1=" " ind2=" ">
    <subfield code="a">9789968900126</subfield>
  </datafield>
  <datafield ind2=" " ind1=" " tag="090">
    <subfield code="a">08.15.02 </subfield>
    <subfield code="b">2149 </subfield>
  </datafield>
  <datafield ind2=" " ind1="2" tag="110">
    <subfield code="9">262</subfield>
    <subfield code="a">Programa de las Naciones Unidas para el Desarrollo</subfield>
  </datafield>
  <datafield tag="245" ind1="1" ind2="0">
    <subfield code="a">Retos y oportunidades del software libre en la administración pública en Costa Rica /</subfield>
    <subfield code="c">Programa de las Naciones Unidas para el Desarrollo, PNUD, Universidad Nacional de Costa Rica</subfield>
  </datafield>
  <datafield ind2=" " tag="260" ind1=" ">
    <subfield code="a">San José, Costa Rica :</subfield>
    <subfield code="b">PNUD,</subfield>
    <subfield code="c">c2013</subfield>
  </datafield>
  <datafield ind1=" " tag="300" ind2=" ">
    <subfield code="a">121 páginas</subfield>
  </datafield>
  <datafield tag="650" ind1="1" ind2="4">
    <subfield code="9">230</subfield>
    <subfield code="a">ADMINISTRACION PÚBLICA</subfield>
  </datafield>
  <datafield ind2="4" tag="650" ind1="1">
    <subfield code="9">231</subfield>
    <subfield code="a">SOFTWARE DE CODIGO ABIERTO</subfield>
  </datafield>
  <datafield ind1="1" tag="650" ind2="4">
    <subfield code="9">28</subfield>
    <subfield code="a">TECNOLOGÍA</subfield>
  </datafield>
  <datafield ind2="4" ind1="1" tag="650">
    <subfield code="9">1302</subfield>
    <subfield code="a">PROGRAMAS DE COMPUTADORA</subfield>
  </datafield>
  <datafield ind1=" " tag="651" ind2="0">
    <subfield code="9">47</subfield>
    <subfield code="a">COSTA RICA</subfield>
  </datafield>
  <datafield tag="942" ind1=" " ind2=" ">
    <subfield code="2">z</subfield>
    <subfield code="c">01</subfield>
  </datafield>
</record>